@Manual{R-base,
  title = {R: A Language and Environment for Statistical Computing},
  author = {{R Core Team}},
  organization = {R Foundation for Statistical Computing},
  address = {Vienna, Austria},
  year = {2018},
  url = {https://www.R-project.org/},
}
@Manual{R-papaja,
  author = {Frederik Aust and Marius Barth},
  title = {{papaja}: {Create} {APA} manuscripts with {R Markdown}},
  year = {2018},
  note = {R package version 0.1.0.9842},
  url = {https://github.com/crsh/papaja},
}
@Book{R-ggplot2,
  author = {Hadley Wickham},
  title = {ggplot2: Elegant Graphics for Data Analysis},
  publisher = {Springer-Verlag New York},
  year = {2016},
  isbn = {978-3-319-24277-4},
  url = {http://ggplot2.org},
}
@article{keim2002information,
  title={Information visualization and visual data mining},
  author={Keim, Daniel A},
  journal={IEEE transactions on Visualization and Computer Graphics},
  volume={8},
  number={1},
  pages={1--8},
  year={2002},
  publisher={IEEE}
}
@Book{R-knitr,
  title = {Dynamic Documents with {R} and knitr},
  author = {Yihui Xie},
  publisher = {Chapman and Hall/CRC},
  address = {Boca Raton, Florida},
  year = {2015},
  edition = {2nd},
  note = {ISBN 978-1498716963},
  url = {https://yihui.name/knitr/},
}
@Article{R-sf,
  author = {Edzer Pebesma},
  title = {{Simple Features for R: Standardized Support for Spatial
          Vector Data}},
  year = {2018},
  journal = {{The R Journal}},
  url = {https://journal.r-project.org/archive/2018/RJ-2018-009/index.html},
}
